@article{stanley2002evolving,
title={Evolving Neural Networks Through Augmenting Topologies},
author={Kenneth O. Stanley and Risto Miikkulainen},
volume={10},
journal={Evolutionary Computation},
number={2},
pages={99-127},
url="http://nn.cs.utexas.edu/?stanley:ec02",
year={2002}
}

@article{shrestha2025reinforced,
author = {Shrestha, Dhadkan and Valles, Damian},
year = {2025},
month = {01},
pages = {41},
title = {Reinforced NEAT Algorithms for Autonomous Rover Navigation in Multi-Room Dynamic Scenario},
volume = {8},
journal = {Fire},
doi = {10.3390/fire8020041}
}

@misc{pypacman,
	author = {},
	title = {{G}it{H}ub - {A}nand{S}rikumar/{P}y{P}acman: {P}acman clone written in python --- github.com},
	howpublished = {\url{https://github.com/AnandSrikumar/PyPacman.git}},
	year = {},
}